@misc{socketio:server,
	title = {Socket.{IO} — {Server} {API}},
	url = {https://socket.io/docs/server-api/index.html},
	abstract = {ServerExposed by require(\&\#39;socket.io\&\#39;). new Server(httpServer[, options]) httpServer (http.Server) the server to bind to. options (Object)  Works with and without new: const io = require('socke},
	urldate = {2019-07-18},
	journal = {Socket.IO},
	file = {Snapshot:/Users/timhehmann/Zotero/storage/44FE9XNZ/server-api.html:text/html}
}
@misc{socketio:socket,
	title = {Socket.{IO} — {Client} {API}},
	url = {https://socket.io/docs/client-api/index.html},
	abstract = {IOExposed as the io namespace in the standalone build, or the result of calling require(\&\#39;socket.io-client\&\#39;). \&lt;script src="/socket.io/socket.io.js"\&gt;\&lt;/script\&gt;\&lt;script\&gt;  const so},
	urldate = {2019-07-18},
	journal = {Socket.IO},
	file = {Snapshot:/Users/timhehmann/Zotero/storage/NUFDUGQL/client-api.html:text/html}
}


@misc{baines_provides_2019,
	title = {Leaflet Indoor Plugin},
	shorttitle = {Provides basic tools to create indoor maps with {Leaflet}},
	url = {https://github.com/cbaines/leaflet-indoor},
	urldate = {2019-07-18},
	author = {Baines, Christopher},
	month = jul,
	year = {2019},
	note = {original-date: 2014-04-08T13:43:38Z}
}

@misc{socketio:rooms,
	title = {Socket.{IO} — {Rooms} and {Namespaces}},
	url = {https://socket.io/docs/rooms-and-namespaces/index.html},
	abstract = {NamespacesSocket.IO allows you to “namespace” your sockets, which essentially means assigning different endpoints or paths. This is a useful feature to minimize the number of resources (TCP connection},
	urldate = {2019-07-18},
	journal = {Socket.IO},
	file = {Snapshot:/Users/timhehmann/Zotero/storage/JLAF27GC/rooms-and-namespaces.html:text/html}
}

@misc{leaflet:map,
	title = {{Leaflet} — {Map} {API}},
	url = {https://leafletjs.com/reference-1.5.0.html#map},
	urldate = {2019-07-21},
	file = {Documentation - Leaflet - a JavaScript library for interactive maps:/Users/timhehmann/Zotero/storage/UA5ENUUC/reference-1.5.0.html:text/html}
}